<?xml version="1.0" encoding="UTF-8"?><collection><record><leader>03544ntm a2200457 a 4500</leader><controlfield tag="001">002631693</controlfield><controlfield tag="003">MiAaHDL</controlfield><controlfield tag="005">20190719000000.0</controlfield><controlfield tag="006">m        d        </controlfield><controlfield tag="007">cr bn ---auaua</controlfield><controlfield tag="008">930614s1843    xx            00||  ara d</controlfield><datafield tag="035" ind1=" " ind2=" "><subfield code="a">(MiU)002631693</subfield></datafield><datafield tag="035" ind1=" " ind2=" "><subfield code="a">sdr-miu002631693</subfield></datafield><datafield tag="035" ind1=" " ind2=" "><subfield code="a">(OCoLC)34366058</subfield></datafield><datafield tag="035" ind1=" " ind2=" "><subfield code="a">(RLIN)MIUH93-A118</subfield></datafield><datafield tag="040" ind1=" " ind2=" "><subfield code="a">MiU</subfield><subfield code="c">MiU</subfield><subfield code="e">appm</subfield><subfield code="d">MiU</subfield></datafield><datafield tag="100" ind1="1" ind2=" "><subfield code="6">880-01</subfield><subfield code="a">Ibn al-ʻAṭṭār, Muḥammad ibn Muḥammad.</subfield></datafield><datafield tag="245" ind1="1" ind2="0"><subfield code="6">880-02</subfield><subfield code="a">Jawharat al-yawāqīt al-jāmiʻah li-ālāt al-mawāqīt :</subfield><subfield code="k">manuscript,</subfield><subfield code="f">[1843] /</subfield><subfield code="c">taʾlīf al-shaykh al-imām al-ʻallāmah Muḥibb al-Dīn Muḥammad ibn Muḥammad ibn Aḥmad al-maʻrūf bi-Ibn al-ʻAṭṭār al-Wafāʾī al-Shāfiʻī al-Bakrī.</subfield></datafield><datafield tag="300" ind1=" " ind2=" "><subfield code="a">1</subfield><subfield code="f">v. ([208] p.) ;</subfield><subfield code="c">22 cm.</subfield></datafield><datafield tag="500" ind1=" " ind2=" "><subfield code="a">Watermarks: large letters G(?).C.C.</subfield></datafield><datafield tag="500" ind1=" " ind2=" "><subfield code="a">Contains a table of star locations.</subfield></datafield><datafield tag="500" ind1=" " ind2=" "><subfield code="a">In Maghribī script.</subfield></datafield><datafield tag="500" ind1=" " ind2=" "><subfield code="a">Text rubricated in four colors; marginal corrections, notes, and finding aids in hand of copyist and others (some in pencil).</subfield></datafield><datafield tag="500" ind1=" " ind2=" "><subfield code="a">Date of composition and copying in colophon: qāla muʾallifuhā ... intahá taʾlīf hādhihi al-risālah fī sanat 875 [i.e. 1470 or 1] ... wa-kāna al-farāgh min nashkhihā fī laylat al-tāsiʻ min shahr Dhī al-Ḥijjah ʻām 1258 thamāniyah wa-khamsūn wa-miʾatayn wa-alf [i.e. 11 January 1843].</subfield></datafield><datafield tag="500" ind1=" " ind2=" "><subfield code="a">Pp. [1-175]. Bound with: Muḥammad ibn Muḥammad ibn al-ʻAṭṭār, Kashf al-qināʻ fī rasm al-arbāʻ, pp. [182-208].</subfield></datafield><datafield tag="520" ind1=" " ind2=" "><subfield code="a">Commentary and elaboration upon the author's Kashf al-qināʻ fī rasm al-arbāʻ, "a treatise on different kinds of quadrants in 2 qisms of 10 + 9 faṣls, mentioning those who invented them." No other copies of this work are known. David A. King, A Survey of the Scientific Manuscripts in the Egyptian National Library (Winona Lake, 1986), pp. 74-75.</subfield></datafield><datafield tag="538" ind1=" " ind2=" "><subfield code="a">Mode of access: Internet.</subfield></datafield><datafield tag="541" ind1=" " ind2=" "><subfield code="d">07/--/36</subfield><subfield code="3">Manuscript</subfield><subfield code="a">McGregor Fund</subfield><subfield code="c">Purchase, 1933/34</subfield><subfield code="h">50 p.t.</subfield></datafield><datafield tag="545" ind1=" " ind2=" "><subfield code="a">Early 15th-cent. Egyptian (?) astronomer.</subfield></datafield><datafield tag="561" ind1=" " ind2=" "><subfield code="a">Purchased in Cairo, 1933/34. Owners' marks: on p. [161], recalculations in pencil dated 2 Shawwāl sanat 1265 [i.e. 21 August 1849]; inside cover, manuscript notes in handwriting of Max Meyerhof.</subfield></datafield><datafield tag="600" ind1="1" ind2="0"><subfield code="6">880-03</subfield><subfield code="a">Ibn al-ʻAṭṭār, Muḥammad ibn Muḥammad.</subfield><subfield code="t">Kashf al-qināʻ fī rasm al-arbāʻ.</subfield></datafield><datafield tag="650" ind1=" " ind2="0"><subfield code="a">Astronomical instruments</subfield><subfield code="y">Early works to 1800.</subfield></datafield><datafield tag="650" ind1=" " ind2="0"><subfield code="a">Quadrants (Astronomical instruments)</subfield><subfield code="v">Early works to 1800.</subfield></datafield><datafield tag="650" ind1=" " ind2="0"><subfield code="a">Astronomy, Arab</subfield><subfield code="y">Early works to 1800.</subfield></datafield><datafield tag="650" ind1=" " ind2="0"><subfield code="a">Manuscripts, Arabic</subfield><subfield code="z">Michigan</subfield><subfield code="z">Ann Arbor.</subfield></datafield><datafield tag="700" ind1="1" ind2="0"><subfield code="6">880-04</subfield><subfield code="a">Ibn al-ʻAṭṭār, Muḥammad ibn Muḥammad.</subfield><subfield code="t">Kashf al-qināʻ fī rasm al-arbāʻ.</subfield></datafield><datafield tag="700" ind1="1" ind2=" "><subfield code="a">Meyerhof, Max,</subfield><subfield code="d">1874-1945,</subfield><subfield code="e">former owner.</subfield></datafield><datafield tag="773" ind1="0" ind2=" "><subfield code="7">unbc</subfield><subfield code="a">Tracy W. McGregor Collection of Arabic, Persian, and Turkish Mathematical and Astronomical Manuscripts.</subfield><subfield code="w">(CStRLIN)MIUH92-A20.</subfield></datafield><datafield tag="880" ind1="0" ind2="0"><subfield code="6">700-04/</subfield><subfield code="a">محمد بن محمد بن العطار.</subfield><subfield code="t">كشف القناع في رسم الأرباع.</subfield></datafield><datafield tag="880" ind1="0" ind2="4"><subfield code="6">600-03/</subfield><subfield code="a">محمد بن محمد بن العطار.</subfield><subfield code="t">كشف القناع في رسم الأرباع.</subfield></datafield><datafield tag="880" ind1="1" ind2="0"><subfield code="6">245-02/</subfield><subfield code="a">جوهرة اليواقيت الجامعة لآلات المواقيت :</subfield><subfield code="k">manuscript,</subfield><subfield code="f">[1843] /</subfield><subfield code="c">تأليف الشيخ الإمام العلامة محب الدين محمد بن محمد بن أحمد المعروف بابن العطار الوفائي الشافعي البكري.</subfield></datafield><datafield tag="880" ind1="0" ind2=" "><subfield code="6">100-01/</subfield><subfield code="a">محمد بن محمد بن العطار.</subfield></datafield><datafield tag="CID" ind1=" " ind2=" "><subfield code="a">002631693</subfield></datafield><datafield tag="DAT" ind1="0" ind2=" "><subfield code="a">20190719102632.0</subfield><subfield code="b">20190719000000.0</subfield></datafield><datafield tag="DAT" ind1="1" ind2=" "><subfield code="a">20190719090653.0</subfield><subfield code="b">2019-07-19T16:10:43Z</subfield></datafield><datafield tag="DAT" ind1="2" ind2=" "><subfield code="a">2015-10-10T18:00:06Z</subfield></datafield><datafield tag="CAT" ind1=" " ind2=" "><subfield code="a">SDR-MIU</subfield><subfield code="d">EX LIBRIS - ALEPH</subfield><subfield code="l">prepare.pl-004-008</subfield></datafield><datafield tag="FMT" ind1=" " ind2=" "><subfield code="a">BK</subfield></datafield><datafield tag="HOL" ind1=" " ind2=" "><subfield code="0">sdr-miu002631693</subfield><subfield code="a">MiU</subfield><subfield code="b">SDR</subfield><subfield code="c">MIU</subfield><subfield code="p">mdp.39015081447768</subfield><subfield code="s">MIU</subfield><subfield code="1">002631693</subfield></datafield><datafield tag="974" ind1=" " ind2=" "><subfield code="b">MIU</subfield><subfield code="c">MIU</subfield><subfield code="d">20190719</subfield><subfield code="s">lit-dlps-dc</subfield><subfield code="u">mdp.39015081447768</subfield><subfield code="y">1843</subfield><subfield code="r">pd</subfield><subfield code="q">bib</subfield><subfield code="t">non-US bib date1 &lt; 1879</subfield></datafield></record></collection>